<record><leader>00000cas a22000007a 4500</leader><controlfield tag="001">12619455</controlfield><controlfield tag="008">850930d18821916wiuwr ne      0    0eng d</controlfield><datafield ind1=" " ind2=" " tag="010"><subfield code="a">sn 85041180 </subfield></datafield><datafield ind1=" " ind2=" " tag="040"><subfield code="a">NPV</subfield><subfield code="b">eng</subfield><subfield code="c">NPV</subfield><subfield code="d">MGN</subfield><subfield code="d">OCLCQ</subfield></datafield><datafield ind1=" " ind2=" " tag="042"><subfield code="a">msc</subfield></datafield><datafield ind1=" " ind2=" " tag="045"><subfield code="a">w8x1</subfield></datafield><datafield ind1=" " ind2=" " tag="052"><subfield code="a">4123</subfield><subfield code="b">G8</subfield></datafield><datafield ind1="0" ind2="4" tag="245"><subfield code="a">The Berlin weekly journal.</subfield></datafield><datafield ind1="1" ind2="3" tag="246"><subfield code="a">Berlin journal</subfield></datafield><datafield ind1="1" ind2="3" tag="246"><subfield code="a">Weekly journal</subfield></datafield><datafield ind1=" " ind2=" " tag="260"><subfield code="a">Berlin, Wis. :</subfield><subfield code="b">C.G. Starks,</subfield><subfield code="c">1882-1916.</subfield></datafield><datafield ind1=" " ind2=" " tag="300"><subfield code="a">v. :</subfield><subfield code="b">ill. (chiefly advertisements)</subfield></datafield><datafield ind1=" " ind2=" " tag="310"><subfield code="a">Weekly</subfield></datafield><datafield ind1="0" ind2=" " tag="362"><subfield code="a">Vol. 12, no. 21 (Jan. 27, 1882)-v. 45 (Jan. 27, 1916).</subfield></datafield><datafield ind1=" " ind2=" " tag="500"><subfield code="a">Publisher varies.</subfield></datafield><datafield ind1=" " ind2=" " tag="500"><subfield code="a">Editor: C.G. Starks, Mar. 20, 1884-Nov. 28, 1912.</subfield></datafield><datafield ind1=" " ind2=" " tag="515"><subfield code="a">Issued semiweekly from Jan. 31, 1882 to Mar. 3, 1882.</subfield></datafield><datafield ind1=" " ind2=" " tag="530"><subfield code="a">Available on microfilm from The State Historical Society of Wisconsin.</subfield></datafield><datafield ind1=" " ind2=" " tag="752"><subfield code="a">United States</subfield><subfield code="b">Wisconsin</subfield><subfield code="c">Green Lake</subfield><subfield code="d">Berlin.</subfield></datafield><datafield ind1="0" ind2="0" tag="780"><subfield code="t">Berlin journal (Berlin, Wis. : 1870)</subfield><subfield code="w">(DLC)sn 85033085</subfield></datafield><datafield ind1="0" ind2="0" tag="785"><subfield code="t">Berlin journal-courant</subfield><subfield code="w">(DLC)sn 85041179</subfield></datafield></record>